@article{marengoni2009tutorial,
  title={Tutorial: Introdu{\c{c}}{\~a}o {\`a} vis{\~a}o computacional usando opencv},
  author={Marengoni, Maur{\'\i}cio and Stringhini, Stringhini},
  journal={Revista de Inform{\'a}tica Te{\'o}rica e Aplicada},
  volume={16},
  number={1},
  pages={125--160},
  year={2009}
}

@book{bradski2008learning,
  title={Learning OpenCV: Computer vision with the OpenCV library},
  author={Bradski, Gary and Kaehler, Adrian},
  year={2008},
  publisher={" O'Reilly Media, Inc."}
}

@article{canny1986computational,
  title={A computational approach to edge detection},
  author={Canny, John},
  journal={IEEE Transactions on pattern analysis and machine intelligence},
  number={6},
  pages={679--698},
  year={1986},
  publisher={Ieee}
}

@article{do2002processo,
  title={Processo de detec{\c{c}}{\~a}o de bordas de Canny},
  author={Do Vale, Giovane Maia and DAL POZ, ALUIR PORF{\'I}RIO},
  journal={Boletim de Ci{\^e}ncias Geod{\'e}sicas},
  volume={8},
  number={2},
  year={2002}
}



@article{biasi2002desenvolvimento,
  title={Desenvolvimento de uma metodologia de vis{\~a}o computacional para o aux{\'\i}lio no planejamento cir{\'u}rgico no implante de pr{\'o}teses endoluminais},
  author={Biasi, Herculano Haymussi De and others},
  year={2002},
  publisher={Florian{\'o}polis, SC}
}

@article{de2006introduccao,
  title={Introdu{\c{c}}{\~a}o ao processamento digital de imagens.},
  author={de Queiroz, Jos{\'e} Eust{\'a}quio Rangel and Gomes, Herman Martins},
  journal={RITA},
  volume={13},
  number={2},
  pages={11--42},
  year={2006}
}

@phdthesis{silva2000segmentaccao,
  title={Segmenta{\c{c}}{\~a}o de Imagens de Profundidade por Detec{\c{c}}{\~a}o de Bordas},
  author={Silva, Luciano},
  year={2000},
  school={Disserta{\c{c}}{\~a}o (Mestrado), UFPR, Curitiba, 2000. 113p}
}

@article{morgan2008tecnicas,
  title={T{\'E}CNICAS DE SEGMENTA{\c{C}}{\~A}O DE IMAGENS NA GERA{\c{C}}{\~A}O DE PROGRAMAS PARA M{\'A}QUINAS DE COMANDO NUM{\'E}RICO},
  author={Morgan, Jolvani and others},
  year={2008},
  publisher={Universidade Federal de Santa Maria}
}



@misc{Matlab,
title={Documentation | rgb2gray},
author={MathWorks},
howpublished={Dispon√≠vel em: \url{https://www.mathworks.com/help/matlab/ref/rgb2gray.html}},
year="2017",
urldate = {2018-07-1}
}

@inproceedings{canny1983variational,
  title={A Variational Approach to Edge Detection.},
  author={Canny, John F},
  booktitle={AAAI},
  volume={1983},
  pages={54--58},
  year={1983}
}