@book{ProcDigital,
	author = {Gonzalez, Rafael C. and Woods, Richard C.},
	edition = {3},
	isbn = {9788576054016},
	publisher = {Gabriela Trevisan},
	title = {Processamento digital de imagens},
	year = {2010}
}

@article{biasi2002desenvolvimento,
	title={Desenvolvimento de uma metodologia de vis{\~a}o computacional para o aux{\'\i}lio no planejamento cir{\'u}rgico no implante de pr{\'o}teses endoluminais},
	author={Biasi, Herculano Haymussi De and others},
	year={2002},
	publisher={Florian{\'o}polis, SC}
}

@article{de2006introduccao,
	title={Introdu{\c{c}}{\~a}o ao processamento digital de imagens.},
	author={de Queiroz, Jos{\'e} Eust{\'a}quio Rangel and Gomes, Herman Martins},
	journal={RITA},
	volume={13},
	number={2},
	pages={11--42},
	year={2006}
}

@inproceedings{canny1983variational,
	title={A Variational Approach to Edge Detection.},
	author={Canny, John F},
	booktitle={AAAI},
	volume={1983},
	pages={54--58},
	year={1983}
}


@article{morgan2008tecnicas,
	title={T{\'E}CNICAS DE SEGMENTA{\c{C}}{\~A}O DE IMAGENS NA GERA{\c{C}}{\~A}O DE PROGRAMAS PARA M{\'A}QUINAS DE COMANDO NUM{\'E}RICO},
	author={Morgan, Jolvani and others},
	year={2008},
	publisher={Universidade Federal de Santa Maria}
}